@book{baier2008principles,
  title={Principles of model checking},
  author={Baier, Christel and Katoen, Joost-Pieter},
  year={2008},
  publisher={MIT press}
}

@book{choset2005principles,
  title={Principles of robot motion: theory, algorithms, and implementation},
  author={Choset, Howie M and Hutchinson, Seth and Lynch, Kevin M and Kantor, George and Burgard, Wolfram and Kavraki, Lydia E and Thrun, Sebastian},
  year={2005},
  publisher={MIT press}
}

@inproceedings{fisac2015reach,
  title={Reach-avoid problems with time-varying dynamics, targets and constraints},
  author={Fisac, Jaime F and Chen, Mo and Tomlin, Claire J and Sastry, S Shankar},
  booktitle={Proceedings of the 18th international conference on hybrid systems: computation and control},
  pages={11--20},
  year={2015}
}

@inproceedings{howell2019altro,
  title={ALTRO: A fast solver for constrained trajectory optimization},
  author={Howell, Taylor A and Jackson, Brian E and Manchester, Zachary},
  booktitle={2019 IEEE International Conference on Intelligent Robots and Systems, IEEE},
  year={2019}
}

@article{reissig2016feedback,
  title={Feedback refinement relations for the synthesis of symbolic controllers},
  author={Reissig, Gunther and Weber, Alexander and Rungger, Matthias},
  journal={IEEE Transactions on Automatic Control},
  volume={62},
  number={4},
  pages={1781--1796},
  year={2016},
  publisher={IEEE}
}

@article{tedrake2009lqr,
  title={LQR-Trees: Feedback motion planning on sparse randomized trees},
  author={Tedrake, Russ},
  year={2009},
  publisher={MIT Press}
}

@article{Barto1983,
	doi = {10.1109/tsmc.1983.6313077},
	url = {https://doi.org/10.1109/tsmc.1983.6313077},
	year = {1983},
	month = sep,
	publisher = {Institute of Electrical and Electronics Engineers ({IEEE})},
	volume = {{SMC}-13},
	number = {5},
	pages = {834--846},
	author = {Andrew G. Barto and Richard S. Sutton and Charles W. Anderson},
	title = {Neuronlike adaptive elements that can solve difficult learning control problems},
	journal = {{IEEE} Transactions on Systems,  Man,  and Cybernetics}
}